@article{blau1982,
  author = {Blau, J. R. and Blau, P. M.},
  title = {The cost of inequality: metropolitan structure and violent crime},
  journal = {American Sociological Review},
  year = {1982},
  volume = {47},
  pages = {114--129}
}

@misc{sherman1998,
 author               = {Sherman, L. W},
 publisher            = {Ideas in American Policing, July. Washington, DC: Police Foundation},
 title                = {Evidence-based policing},
 year                 = {1998},
 }
 
@misc{sherman1997,
 author               = {Sherman, L.W. and Gottfredson, D.C. and MacKenzie, D.L. and Eck, J. and Reuter, P. and Bushway, S.D.},
 publisher            = {Washington, DC: National Institute of Justice, US Department of Justice},
 title                = {Preventing Crime: What works, what doesn´t, what´s promising},
 year                 = {1997},
 }
 
@article{sherman1995,
  author = {Sherman, L.W. and Weisburd, D.L.},
  title = {General deterrent effects of police patrol in crime "hot spots": A randomized, controlled trial},
  journal = {Justice Quarterly},
  year = {1995},
  volume = {12},
  pages = {625--648}
}

@article{kubrin2003,
 author               = {Kubrin, C. E. and Weitzer, R.},
 journal              = {Journal of Research in Crime and Delinquency},
 number               = {4},
 pages                = {374--402},
 title                = {{New Directions in Social Disorganization Theory}},
 volume               = {40},
 year                 = {2003},
 }

@book{sutherland1992,
 author               = {Sutherland, E.H. and Cressey, D.R. and Luckenbill, D.F.},
 isbn                 = {0930390695},
 publisher            = {AltaMira},
 title                = {{Principles of Criminology}},
 year                 = {1992},
 }

@article{jacobs2008,
 author               = {Jacobs, D. and Richardson, A. M.},
 journal              = {Homicide Studies},
 number               = {1},
 pages                = {28--45},
 title                = {{Economic Inequality and Homicide in the Developed Nations From 1975 to 1995}},
 volume               = {12},
 year                 = {2008},
 }

@article{neumayer2003,
 author               = {Neumayer, E.},
 journal              = {Journal of Peace Research},
 number               = {6},
 pages                = {619--640},
 title                = {{Good Policy Can Lower Violent Crime: Evidence from a Cross-National Panel of Homicide Rates, 1980 to 97}},
 volume               = {40},
 year                 = {2003},
 }

@article{blumstein1998,
 author               = {Blumstein, A. and Rosenfeld, R.},
 journal              = {The Journal of Criminal Law and Criminology},
 number               = {4},
 pages                = {1175--1216},
 title                = {{Explaining Recent Trends in U.S. Homicide Rates}},
 volume               = {88},
 year                 = {1998},
 }

@article{castro2003,
 author               = {Castro, M. S. M. and Assuncao, R. M. and Durante, M. O.},
 journal              = {Revista de Saúde Pública},
 number               = {2},
 pages                = {168--176},
 title                = {{Data comparison on homicide deaths between two information systems, Brazil}},
 volume               = {37},
 year                 = {2003},
 }

@book{mir2004,
 author               = {Mir, L.},
 publisher            = {São Paulo: Geração Editorial},
 title                = {{A guerra civil: estado e trauma}},
 year                 = {2004},
 }

@misc{graham1995,
 author               = {Graham, J. and Bowling, B.},
 publisher            = {Home Office Research Study 145. London: HMSO},
 title                = {{Young People and Crime}},
 year                 = {1995},
 }

@misc{floodpage2000,
 author               = {Flood-Page, C. and Campbell, S. and Harrington, V. and Miller, J.},
 publisher            = {Home Office Research Study 209. London: HMSO},
 title                = {{Youth Crime: Findings from the 1998/99 Youth Lifestyles Survey}},
 year                 = {2000},
 }

@article{goertzel2009,
 author               = {Goertzel, T. and Kahn, T.},
 journal              = {Homicide Studies},
 number               = {4},
 pages                = {398--410},
 title                = {{The Great São Paulo Homicide Drop}},
 volume               = {13},
 year                 = {2009},
 }

@book{zimring2007,
 author               = {Zimring, F. E.},
 publisher            = {New York: Oxford},
 title                = {{The Great American Crime Decline}},
 year                 = {2007},
 }

@misc{Waiselfisz2012,
 author               = {Waiselfisz, J.J.},
 publisher            = {Instituto Sangari},
 title                = {{Mapa da Violência 2012: Os novos padrões da Violência Homicida no Brasil}},
 year                 = {2012},
 }

@book{shaw1942,
 author               = {Shaw, Clifford, R. and McKay, H.D.},
 publisher            = {Chicago: University of Chicago Press},
 title                = {{Juvenile Delinquency in Urban Areas}},
 year                 = {1942},
 }

@misc{shaw1942misc,
 author               = {Shaw, Clifford, R. and McKay, H.D.},
 publisher            = {Chicago: University of Chicago Press},
 title                = {{Juvenile Delinquency in Urban Areas}},
 year                 = {1942},
 }

@article{scorzafave2015estudosesco,
 author               = {Scorzafave, L.G., Soares, M.K. and Dorigan, T.A.},
 journal              = {Estudos Econômicos},
 number               = {3},
 pages                = {475--497},
 title                = {{Vale a pena pagar para desarmar? Uma avaliação do impacto da campanha de entrega voluntária de armas sobre as mortes com armas de fogo}},
 volume               = {45},
 year                 = {2015},
 }

@misc{justus2012usp,
 author               = {Justus, M. dos Santos},
 publisher            = {Tese de Doutorado. Universidade de São Paulo, Escola Superior de Agricultura Luiz deQueiroz},
 title                = {{Uma abordagem econômica das causas da criminalidade: evidências para a cidade de São Paulo}},
 year                 = {2012},
 }

@article{justus2012EconomiA,
 author               = {Justus, M. dos Santos and Kassouf, A. L.},
 journal              = {Revista EconomiA},
 number               = {2},
 pages                = {343--372},
 title                = {{Estudos Econômicos das Causas da Criminalidade no Brasil: Evidências e Controvérsias}},
 volume               = {9},
 year                 = {2008},
 }

@misc{carvalho2015TDipea,
 author               = {Carvalho, A., Cerqueira, D. and Lobão, W.},
 publisher            = {Texto para Discussão nº 1105. Instituto de Pesquisa Econômica Aplicada},
 title                = {{Socioeconomic structure, self-fulfilment, homicides ans spatial dependence in Brazil}},
 year                 = {2015},
 }

@article{becker1968economy,
 author               = {Becker, G.},
 journal              = {Journal of Political Economy},
 pages                = {169--217},
 title                = {{Crime and Punishment: an economic approach}},
 volume               = {76},
 year                 = {1968},
 }

@misc{cerqueira2013brasilemdesen,
 author               = {Cerqueira, D. and Coelho, D. and Morais, D. P. and Matos, M. V. and Júnior, J. A. P. and Medeiros, M. J.},
 publisher            = {Brasil em Desenvolvimento 2013: estado, planejamento e políticas públicas. Instituto de Pesquisa Econômica Aplicada, Capítulo 29.},
 title                = {{A singular dinâmica territorial dos homicídios no Brasil nos anos 2000}},
 year                 = {2013},
 }

@misc{cerqueira2015nota,
 author               = {Cerqueira, D. e, Coelho, D.},
 publisher            = {Nota técnica nº 15. Instituto de Pesquisa Econômica Aplicada.},
 title                = {{Redução da Idade de Imputabilidade Penal, Educação e Criminalidade}},
 year                 = {2015},
 }

@misc{rostirolla2016mono,
 author               = {Rostirolla, C. C.},
 publisher            = {Monografia do ICEAC. Universidade Federal do Rio Grande.},
 title                = {{Armas e Crimes na região metropolitana de Porto Alegre: Uma análise de dados em painel}},
 year                 = {2016},
 }

@article{carvalho2012saude,
 author               = {Carvalho, A.; Marques da Silva, G.D. and Junior, G. R. and Albuquerque, P. H. M.},
 journal              = {Cadernos de Saúde Pública},
 pages                = {1249--1262},
 title                = {{Taxas Bayesianas para o mapeamento de homicídios nos municípios brasileiros}},
 volume               = {28},
 number               = {7},
 year                 = {2012},
 }	

@article{jonker2012epidemiology,
 author               = {Jonker, M. F, Lenthe, F. J., Congdon, P. D., Donkers, B., Burdorf, A. and Mackenbach, J. P.},
 journal              = {American Journal of Epidemiology},
 pages                = {929--937},
 title                = {{Comparison of Bayesian Random-Effects and Traditional Life Expectancy Estimations in Small-Area Applications}},
 volume               = {176},
 number               = {10},
 year                 = {2012},
 }	

@misc{oliveira2011tese,
 author               = {Oliveira, C. A.},
 publisher            = {Tese de Doutorado do PPGE. Universidade Federal do Rio Grande do Sul.},
 title                = {{Ensaios em Economia do Crime: Dissuasão, Armas e Carreira Criminosa}},
 year                 = {2011},
 }	

@misc{saravia2016cedeplar,
 author               = {Saraiva, M. V. and Conceicao, O. C. and Franca, M. T. A.},
 publisher            = {XVII Seminário sobre a Economia Mineira. CEDEPLAR: Universidade Federal de Minas Gerais.},
 title                = {{Os determinantes da criminalidade nos municípios gaúchos: evidências de um modelo econométrico espacial}},
 year                 = {2016},
 }

@misc{freitas2016xixeeg,
 author               = {De Freitas, T. A. and Cadaval, A. F. and Gonçalves, G. A.},
 publisher            = {XIX Encontro de Economia da Região Sul.},
 title                = {{A estimação de um índice geral de criminalidade para os municípios do Rio Grande do Sul - IGcrime RS}},
 year                 = {2016},
 }	

@misc{Waiselfisz2016,
 author               = {Waiselfisz, J.J.},
 publisher            = {Flacso Brasil},
 title                = {{Mapa da Violência 2016: Homicídios por Arma de Fogo no Brasil}},
 year                 = {2016},
 }

@misc{Waiselfisz2013,
 author               = {Waiselfisz, J.J.},
 publisher            = {Flacso/Cebela},
 title                = {{Mapa da Violência 2013: Mortes Matadas por Arma de Fogo}},
 year                 = {2013},
 }

@misc{Waiselfisz2014,
 author               = {Waiselfisz, J.J.},
 publisher            = {Flacso},
 title                = {{Mapa da Violência 2014: Os jovens do Brasil}},
 year                 = {2014},
 }

@misc{cerqueira2016atlasnota,
 author               = {Cerqueira, D. and Ferreira, H. and Lima, R. S. and Bueno, S. and Hanashiro, O. and Batista, F. and Nicolato, P.},
 publisher            = {Nota técnica nº 17. Instituto de Pesquisa Econômica Aplicada.},
 title                = {{Atlas da Violência 2016}},
 year                 = {2016},
 }

@article{killias1993canadian,
 author               = {Killias, M.},
 journal              = {Canadian Medical Association Journal},
 pages                = {6--21},
 title                = {{International correlations between gun ownership and rates of homicide and suicide.}},
 volume               = {148},
 number               = {10},
 year                 = {1993},
 }

@article{duggan2001political,
 author               = {Duggan, M.},
 journal              = {Journal of Political Economy},
 pages                = {1086--1114},
 title                = {{More guns, more crime}},
 volume               = {109},
 year                 = {2001},
 }

@article{bronars1998aer,
 author               = {Bronars, S. G. and Lott, J. R.},
 journal              = {American Economic Review},
 title                = {{Criminal deterrence, geographic spillovers, and the right to carry concealed handguns}},
 volume               = {109},
 year                 = {1998},
 }

@misc{cerqueira2014tese,
 author               = {Cerqueira, D. R. C.},
 publisher            = {Tese de Doutorado. Programa de Pós Graduação em Economia da Pontíficia Universidade Católica do Rio de Janeiro.},
 title                = {{Causas e Consequências do Crime no Brasil}},
 year                 = {2014},
 }

@misc{frischtak2012fedny,
 author               = {Frischtak, C. and Mandel, B. R.},
 publisher            = {Federal Reserve Bank of New York Staff Reports, no. 542},
 title                = {{Crime, House Prices, and Inequality: The Effect of UPPs in Rio}},
 year                 = {2012},
 }

@misc{cortes2016tdfee,
 author               = {Cortes, R. X.},
 publisher            = {Fundação de Economia e Estatística. Texto para Discussão, no. 143},
 title                = {{Investigação de padrões criminais e de indicadores de segurança para os municípios do Rio Grande do Sul, por meio de técnicas estatísticas multivariadas}},
 year                 = {2016},
 }

@misc{monteiro2009mono,
 author               = {Monteiro, J. B.},
 publisher            = {Universidade Federal do Rio Grande do Sul. Monografia do Curso de Estatística.},
 title                = {{Indicador de Criminalidade Geral Baseado em Métodos Multivariados e Estatística Espacial para Controle na Segurança Pública do Estado}},
 year                 = {2009},
 }

@misc{khan2005manual,
 author               = {Khan, T.},
 publisher            = {Secretaria de Segurança Pública de São Paulo},
 title                = {{Estatística de Criminalidade: Manual de Interpretação}},
url                    = {http://www.ssp.sp.gov.br/media/documents/manual_interpretacao.pdf},
 year                 = {2005},
 }

@misc{khan2005manual_estudos_economicos,
 author               = {Khan, T.},
 publisher            = {SSP-SP (Acesso em 20/09/2017)},
 title                = {{Estatística de Criminalidade: Manual de Interpretação}},
url                    = {http://www.ssp.sp.gov.br/media/documents/manual_interpretacao.pdf},
url_date = {20/09/2017},
 year                 = {2005},
 }

@article{catelan2010biomj,
 author               = {Catelan, D. and Lagazio, C. and Biggeri, A.},
 journal              = {Biometrical Journal},
 title                = {{A hierarchical Bayesian approach to multiple testing in disease mapping}},
 volume               = {52},
 number               = {6},
 year                 = {2010},
 }

@article{clayton1987biometricsANTIGO,
 author               = {Clayton, D. and Kaldor, J.},
 journal              = {Biometrics},
 title                = {{Empirical bayes estimates of age-standardized relative risks for use in disease mapping}},
 volume               = {52},
 number               = {6},
 year                 = {2010},
 }

@article{clayton1987biometrics,
  title={Empirical Bayes estimates of age-standardized relative risks for use in disease mapping},
  author={Clayton, David and Kaldor, John},
  journal={Biometrics},
  pages={671--681},
  year={1987},
  publisher={JSTOR}
}

@article{marshall1991journalserieC,
 author               = {Marshall, R. J.},
 journal              = {Journal of the Royal Statistical Society: Series C},
 title                = {{Mapping disease and mortality rates using empirical Bayes estimators}},
 volume               = {40},
 number               = {2},
 year                 = {1991},
 }

@article{pringle1996ecosoc,
 author               = {Pringle, D. G.},
 journal              = {Economia and Social Review},
 title                = {{Mapping disease risk estimates based on small numbers: an assessment of empirical Bayes techniques}},
 volume               = {27},
 number               = {4},
 year                 = {1996},
 }

@article{rue2009approximate,
 author               = {Rue, H. and Martino, S. and Chopin, N.},
 journal              = {Journal of the Royal Statistical Society: Series B(Statistical Methodology)},
 number               = {2},
 pages                = {319--392},
 publisher            = {Citeseer},
 title                = {{Approximate Bayesian inference for latent Gaussian models by using integrated nested Laplace approximations}},
 volume               = {71},
 year                 = {2009},
 }


@book{banerjee2004hierarchical,
 author               = {Banerjee, S. and Carlin, B.P. and Gelfand, A.E.},
 publisher            = {Chapman \& Hall/CRC},
 title                = {Hierarchical modeling and analysis for spatial data},
 volume               = {101},
 year                 = {2004},
 }

 @article{besag1974,
 author               = {Besag, J.},
 journal              = {Journal of the Royal Statistical Society. Series B.},
 number               = {2},
 pages                = {579--602},
 title                = {{Spatial Interaction and Statistical Analysis of Lattice Systems}},
 volume               = {36},
 year                 = {1974},
 }

@book{bivand2008spatialwithR,
 author               = {Bivand, R. S. and Pebesma, E.J. and Gómez-Rubio, V.},
 publisher            = {Springer},
 title                = {Applied Spatial Data Analysis with R},
 year                 = {2008},
 }

 @article{lesage1997irsr,
 author               = {LeSage, J. P.},
 journal              = {International Regional Science Review},
 number               = {1-2},
 pages                = {113--129},
 title                = {{Bayesian estimation of spatial autoregressive models}},
 volume               = {20},
 year                 = {1997},
 }

@book{lesage1999econometrics,
 author               = {LeSage, J. P.},
 publisher            = {Department of Economics, University of Toledo},
 title                = {The theory and practice of spatial econometrics},
 year                 = {1999},
 }

 @article{moran1950biometrika,
 author               = {Moran, P. A. P.},
 journal              = {Biometrika},
 pages                = {17--23},
 title                = {{Notes on Continuous Stochastic Phenomena}},
 volume               = {37},
 number               = {1},
 year                 = {1950},
 }

@article{martino2009implementing,
 author               = {Martino, S. and Rue, H.},
 journal              = {Department of Mathematical Sciences, NTNU, Norway},
 publisher            = {Citeseer},
 title                = {{Implementing approximate Bayesian inference using Integrated Nested Laplace Approximation: A manual for the inla program}},
 year                 = {2009},
 }

@article{rue2007approximate,
 author               = {Rue, H. and Martino, S.},
 journal              = {Journal of statistical planning and inference},
 number               = {10},
 pages                = {3177--3192},
 publisher            = {Elsevier},
 title                = {{Approximate Bayesian inference for hierarchical Gaussian Markov random field models}},
 volume               = {137},
 year                 = {2007},
 }

@article{gelfand1990sampling,
 author               = {Gelfand, A.E. and Smith, A.F.M.},
 journal              = {Journal of the American statistical association},
 number               = {410},
 pages                = {398--409},
 publisher            = {American Statistical Association},
 title                = {{Sampling-based approaches to calculating marginal densities}},
 volume               = {85},
 year                 = {1990},
 }

@article{geman1984gibbs,
 author               = {Geman, S. and Geman, D.},
 journal              = {IEEE Transactions on Pattern Analysis and Machine Intelligence},
 number               = {6},
 pages                = {721--741},
 title                = {{Stochastic Relaxation, Gibbs Distributions, and the Bayesian Restoration of Images}},
 volume               = {6},
 year                 = {1984},
 }
@misc{cortes2014dissertacao,
 author               = {Cortes, R. X.},
 publisher            = {Dissertação de Mestrado. Pós-graduação em Estatística da Universidade Federal de Minas Gerais.},
 title                = {{Estimando modelos dinâmicos utilizando o INLA para Campos Aleatórios Markovianos Não Gaussianos}},
 year                 = {2014},
 }

@article{gelman1992,
 author               = {Gelman, A. and Rubin, D.B.},
 journal              = {Statistical Science},
 pages                = {457--511},
 title                = {{Inference from Iterative Simulation Using Multiple Sequences (with discussion)}},
 volume               = {7},
 year                 = {1992},
 }

@article{raftery1992,
 author               = {Raftery, A.E. and Lewis, S.},
 journal              = {Bayesian Statistics},
 pages                = {763--773},
 title                = {{How Many Iterations in the Gibbs Sampler?}},
 volume               = {4},
 year                 = {1992},
 }

@book{gamerman2006markov,
 author               = {Gamerman, D. and Lopes, H.F.},
 publisher            = {Chapman \& Hall/CRC},
 title                = {{Markov chain Monte Carlo: stochastic simulation for Bayesian inference}},
 year                 = {2006},
 }



@article{martins2012bayesian,
 author               = {Martins, T.G. and Simpson, D. and Lindgren F. and Rue, H.},
 journal              = {Department of Mathematical Sciences, NTNU, Norway},
 title                = {{Bayesian computing with INLA: new features}},
 year                 = {2012},
 }

@article{ruiz2011direct,
 author               = {Ruiz-C{\'a}rdenas, R. and Krainski, E.T. and Rue, H.},
 journal              = {Computational Statistics \& Data Analysis},
 publisher            = {Elsevier},
 title                = {Direct fitting of dynamic models using integrated nested Laplace approximations--INLA},
 year                 = {2011},
 }

@article{blangiardo2013epidemiology,
 author               = {Blangiardo, M. and Cameletti, M. and Baio, G. and Rue, H.},
 journal              = {Spatial and Spatio-temporal Epidemiology},
 publisher            = {Elsevier},	
 title                = {Spatial and spatio-temporal models with R-INLA},
 volume               = {7},
 pages                = {39--55},
 year                 = {2013},
 }



 @article{besag1991,
 author               = {Besag, J. and York, J. and Mollie, A.},
 journal              = {Annals of the Institute of Statistical Mathematics},
 pages                = {1--59},
 title                = {{Bayesian image restoration, with two applications in spatial statistics}},
 volume               = {43},
 year                 = {1991},
 }

 @article{doleac2015,
 author               = {Doleac, J. L. and Sanders, N. J.},
 journal              = {Review of Economics and Statistics},
 pages                = {1093--1103},
 title                = {{Under the Cover of Darkness: How Ambient Light Influences Criminal Activity}},
 volume               = {97},
number               = {5},
 year                 = {2005},
 }

 @article{toro2016,
 author               = {Toro, W. and Tigre, R. and Sampaio, B.},
 journal              = {Disponível em SSRN: http://ssrn.com/abstract=2786452 ou http://dx.doi.org/10.2139/ssrn.2786452},
 title                = {{Ambient Light and Homicides}},
 year                 = {2016},
 }

 @article{desouza2007,
 author               = {DeSouza, M. F. M. and James, M. and Alencar, A. P. and Neto, O. L. M.},
 journal              = {Heath Affairs},
 title                = {{Reductions in firearm-related mortality and hospitalizations in Brazil after gun control}},
 year                 = {2007},
 volume               = {26},
number               = {2},
 }

@article{reichenheim2011,
 author               = {Reichenheim, M. E. and DeSouza, E. R. and Moraes, C. L. and Prado de Melo Jorge, M. H. and Passos da Silva, M. F. and Minayo, M. C. S.},
 journal              = {Heath Affairs},
 title                = {{Reductions in firearm-related mortality and hospitalizations in Brazil after gun control}},
 year                 = {2011},
 volume               = {377},
number               = {9781},
 }

@article{kountouris2014,
 author               = {Kountouris, Y. and Remondou, K.},
 journal              = {Economics Letters},
 title                = {{About time: Daylight Saving Time transition and individual well-being}},
 year                 = {2014},
 volume               = {122},
pages                = {100--103},
number               = {1},
 }

@article{smith2016,
 author               = {Smith, A. C.},
 journal              = {American Economic Journal: Applied Economics},
 title                = {{Spring Forward at Your Own Risk: Daylight Saving Time and Fatal Vehicle Crashes}},
 year                 = {2016},
 volume               = {8},
pages                = {65--91},
number               = {2},
 }

@article{toro2015myocardial,
 author               = {Toro, W. and Tigre, R. and Sampaio, B.},
 journal              = {Economics Letters},
 title                = {{Daylight Saving Time and incidence of myocardial infarction: Evidence from a regression discontinuity design}},
 year                 = {2015},
 volume               = {136},
pages                = {1--4},
 }

@article{kotchen2011,
 author               = {Kotchen, M. J. and Grant, L. E.},
 journal              = {The Review of Economics and Statistics},
 title                = {{Does Daylight Saving Time Save Energy? Evidence from a Natural Experiment in Indiana}},
 year                 = {2011},
 volume               = {93},
number               = {4},
pages                = {1172--1185},
 }

@article{kellogg2008,
author               = {Kellogg, R. and Wolff, H.},
journal              = {Journal of Environmental Economics and Management},
title                = {{Daylight time and energy: Evidence from an Australian experiment}},
year                 = {2008},
volume               = {56},
number               = {3},
pages                = {207--220},
}

@article{wolff2012,
author               = {Wolff, H. and Makino, M.},
journal              = {Discussion Paper No. 6787},
title                = {{Extending Becker’s Time Allocation Theory to Model Continuous Time Blocks: Evidence from Daylight Saving Time}},
year                 = {2012},
 publisher            = {Disponível em http://ftp.iza.org/dp6787.pdf},
}

@article{aries2008,
author               = {Aries, M. B. C. and Guy, R. N.},
journal              = {Energy Policy},
title                = {{Effect of daylight saving time on lighting energy use: A literature review}},
year                 = {2008},
number               = {6},
volume               = {36},
pages                = {1858--1866},
}

@article{arvate2015,
author               = {Arvate, P. and Falsete, F. O. and Ribeiro, F. G. and souza, A. P.},
journal              = {Working paper 7/2015},
title                = {{Lighting and violent crimes: evaluating the effect of an electrification policy in rural Brazil on violent crime reduction}},
year                 = {2015},
publisher            = {São Paulo School of Economics. Center of Applied Economics.},
}

@misc{salvi2011,
 author               = {Salvi, S.},
 publisher            = {Departmento de Economia da Amherst College},
 title                = {{Does Increased Lighting Reduce Crime? Studying the Impact of the Summer Night Lights Program on Crime in Los Angeles}},
 year                 = {2011},
 }


@book{filhonaercio2012,
 author               = {Filho, N. M. and Peixoto, B. and Pinto, C. C. X. and Lima, L. and Foguel, M. N. and Barros R. P.},
 isbn                 = {9788598149042},
 publisher            = {Dinâmica Gráfica e Editora. Fundação Itaú.},
 title                = {{Avaliação Econômica de Projetos Sociais}},
 year                 = {2012},
 }

@misc{dee2013,
 author               = {Dee, T. and Wyckoff, J.},
 publisher            = {National Bureau of Economic Research},
 title                = {{Incentives, Selection and Teacher Performance: Evidence from IMPACT}},
 year                 = {2013},
 }

@article{thistlewaite1960,
author               = {Thistlewaite, D. and Campbell, D.},
journal              = {Journal of Educational Psychology},
title                = {{Regression-discontinuity analysis: an alternative to the ex-post facto experiment}},
year                 = {1960},
volume               = {51},
pages                = {309--317},
}

@misc{alves2013,
 author               = {Alves, H. J. P.},
 publisher            = {Monografia de Estatística da Universidade Federal de Ouro Preto.},
 title                = {{Detecção de clusters espaciais e uso de taxas Bayesianas empíricas}},
 year                 = {2013},
 }

@article{gelfandBS1992,
author               = {Gelfand, A. E. and Dey, D. K. and Chang, H.},
journal              = {Bayesian Statistics 4. Proceedings of the Fourth Valencia International Meeting},
title                = {{Model determination using predictive distributions, with implementation via sampling-based methods}},
year                 = {1992},
pages                = {147--159},
}

@article{deyBio1997,
author               = {Dey, D. K. and Chen, M. H. and Chang, H.},
journal              = {Biometrics},
title                = {{Bayesian approach for nonlinear random effects models}},
volume               = {53},
year                 = {1997},
pages                = {1239--1252},
}

@article{spiegelhalter2002,
author               = {Spiegelhalter, D.J. and Best, N. G. and Carlin, B. P. and Linde, A. vd},
journal              = {Biometrics},
title                = {{Bayesian approach for nonlinear random effects models}},
volume               = {53},
year                 = {1997},
pages                = {1239--1252},
}

@article{kohavi1995,
author               = {Kohavi, R.},
journal              = {Proceedings of the Fourteenth International Joint Conference on Artificial Intelligence},
title                = {{A study of cross-validation and bootstrap for accuracy estimation and model selection}},
volume               = {2},
number               = {12},
year                 = {1995},
pages                = {1137--1143},
}


@article{akaike1973,
author               = {Akaike, H.},
journal              = {2nd International Symposium on Information Theory},
title                = {{Information theory and an extension of the maximum likelihood principle}},
year                 = {1997},
pages                = {267--281},
}

@book{becker1957discrim,
 author               = {Becker, G. S.},
 publisher            = {Chicago: University of Chicago Press},
 title                = {{The Economics of Discrimination}},
 year                 = {1957},
 }

@misc{garcia2009genderracial,
  author               = {Garcia, L.M.; Nopo, H.; and Salardi, P.},
  publisher            = {InterAmerican Development Bank Research Department Working Paper n 681},
 title                = {{Gender and Racial Wage Gaps in Brazil 1996 2006 Evidence Using a Matching Comparisons Approach}},
 year                 = {2009},
 }

@article{oaxaca1973,
author               = {Oaxaca, R.},
journal              = {International Economic Review},
title                = {{Male-Female Wage Differentials in Urban Labor Markets}},
volume               = {14},
number               = {3},
year                 = {1973},
pages                = {693--703},
}

@article{salardi2014,
 author               = {Salardi, P.},
 publisher            = {Review of Income and Wealth},
 title                = {{The Evolution of Gender and Racial Occupational Segregation across Formal and non-Formal Labor Markets in Brazil, 1987 to 2006}},
 year                 = {2014},
volume               = {62},
number               = {S1},
pages                = {S68--S89},
 }


@misc{stein2015fee,
 author               = {Stein, G.; Sulzbach, V. N. and Bartels, M.},
 publisher            = {Fundação de Economia e Estatística do Rio Grande do Sul. Disponível em http://www.fee.rs.gov.br/wp-content/uploads/2015/04/20150504relatorio-sobre-o-mercado-de-trabalho-do-rio-grande-do-sul-2001-13.pdf},
 title                = {{Relatório sobre o mercado de trabalho do Rio Grande do Sul — 2001-13}},
 year                 = {2015},
 }

@article{blinder1973,
 author               = {Blinder, A. S.},
 publisher            = {The Journal of Human Resources},
 title                = {{Wage Discrimination: Reduced Form and Structural Estimates}},
 year                 = {1973},
volume               = {8},
number               = {4},
pages                = {436--455},
 }

@misc{fahey2006,
 author               = {Fahey, J.; Roberts, C. and Engel, L.},
 publisher            = {Crime and Justice Institute.},
 title                = {{Employment of Ex-Offenders: Employer Perspectives}},
url = {http://www.antoniocasella.eu/nume/Fahey_2006.pdf},
 year                 = {2006},
 }

@book{besemer2015,
 author               = {Besemer, S. and Murray, J.},
 publisher            = {The Oxford Handbook of Externalizing Spectrum Disorders},
 title                = {{Incarceration and Development of Delinquency}},
 year                 = {2015},
 }


@misc{cerqueira2005mito,
 author               = {Cerqueira, D.; Lobão, W. and Carvalho, A. X.},
 publisher            = {Instituto de Pesquisa Econômica e Aplicada. Texto para discussão, nº 1144},
 title                = {{O jogo dos sete mitos and a miséria da segurança pública no Brasil}},
 year                 = {2005},
 }

@book{arrow1973,
 author               = {Arrow, K.},
 publisher            = {Princeton University Press.},
 title                = {Discrimination in Labor Markets},
 year                 = {1973},
 }

@article{phelps1972,
 author               = {Phelps, E. S.},
 publisher            = {American Economic Review},
 title                = {{The statistical theory of racism and sexism}},
 year                 = {1972},
pages                = {659--661},
 }

@article{spence1973,
 author               = {Spence, M.},
 publisher            = {Quarterly Journal of Economics},
 title                = {{Job Market Signaling}},
 year                 = {1973},
pages                = {355--374},
 }

@book{borjas2015,
 author               = {Borjas, G. J.},
 publisher            = {McGraw Hill},
 title                = {{Labor Economics}},
 year                 = {2015},
 }

@article{loureiro2003resenha,
  title={Uma resenha te{\'o}rica e emp{\'\i}rica sobre economia da discrimina{\c{c}}{\~a}o},
  author={Loureiro, Paulo RA},
  journal={Revista Brasileira de Economia},
  volume={57},
  number={1},
  pages={125--157},
  year={2003},
  publisher={SciELO Brasil}
}

@article{de2006diferenciais,
  title={Diferenciais de Salarios por Raça e Gênero: Aplicação dos procedimentos de Oaxaca e Heckman em Pesquisas Amostrais Complexas},
  author={de Carvalho, Alexandre Pinto and Cortes Neri, Marcelo C and Silva, Denise Britz},
  year={2006}
}

@article{firpo2009unconditional,
  title={Unconditional quantile regressions},
  author={Firpo, Sergio and Fortin, Nicole M and Lemieux, Thomas},
  journal={Econometrica},
  volume={77},
  number={3},
  pages={953--973},
  year={2009},
  publisher={Wiley Online Library}
}


@article{schmitt2011ex,
  title={Ex-offenders and the Labor Market},
  author={Schmitt, John and Warner, Kris},
  journal={WorkingUSA},
  volume={14},
  number={1},
  pages={87--109},
  year={2011},
  publisher={Wiley Online Library}
}

@article{friooferta,
  title={OFERTA DE TRABALHO E ORIENTA{\c{C}}{\~A}O SEXUAL: EVID{\^E}NCIAS PARA O BRASIL},
  author={Frio, Gustavo Saraiva and Uhr, Daniel de Abreu Pereira and Uhr, J{\'u}lia Gallego Ziero and de Andrade Jacinto, Paulo},
  publisher={Anpec},
year={2016}
}

@article{aigner1977statistical,
  title={Statistical theories of discrimination in labor markets},
  author={Aigner, Dennis J and Cain, Glen G},
  journal={Industrial and Labor relations review},
  pages={175--187},
  year={1977},
  publisher={JSTOR}
}

@techreport{holzer1999assessing,
  title={Assessing affirmative action},
  author={Holzer, Harry and Neumark, David},
  year={1999},
  institution={National bureau of economic research}
}


@article{tavares2016efeito,
  title={Efeito do Programa Bolsa Fam{\'\i}lia sobre a oferta de trabalho das m{\~a}es},
  author={Tavares, Priscilla Albuquerque},
  journal={Economia e sociedade},
  volume={19},
  number={3},
  pages={613--635},
  year={2016}
}

@inproceedings{casari2016impacto,
  title={Impacto da Orienta{\c{c}}{\~a}o Sexual Sobre o Rendimento do Trabalho},
  author={Casari, Priscila and Monsueto, Sandro Eduardo and Duarte, Pedro Henrique Evangelista and others},
  booktitle={Anais do XLII Encontro Nacional de Economia [Proceedings of the 42ndd Brazilian Economics Meeting]},
  number={235},
  year={2016},
  organization={ANPEC-Associa{\c{c}}{\~a}o Nacional dos Centros de P{\'o}sgradua{\c{c}}{\~a}o em Economia [Brazilian Association of Graduate Programs in Economics]}
}

@inproceedings{correa2014existe,
  title={Existe diferencial entre casais Heterossexuais e Homossexuais? Uma abordagem para o Mercado de Trabalho Brasileiro},
  author={Corr{\^e}a, Marcio Veras and Irffi, Guilherme and Sulian, Daniel and others},
  booktitle={Anais do XLI Encontro Nacional de Economia [Proceedings of the 41th Brazilian Economics Meeting]},
  number={217},
  year={2014},
  organization={ANPEC-Associa{\c{c}}{\~a}o Nacional dos Centros de P{\'o}sgradua{\c{c}}{\~a}o em Economia [Brazilian Association of Graduate Programs in Economics]}
}

@article{reza2004pink,
  title={In the pink: Homosexual-heterosexual wage differentials in the UK},
  author={Reza Arabsheibani, G and Marin, Alan and Wadsworth, Jonathan},
  journal={International Journal of Manpower},
  volume={25},
  number={3/4},
  pages={343--354},
  year={2004},
  publisher={Emerald Group Publishing Limited}
}

@article{tebaldi2006sexual,
  title={Sexual orientation and labour supply},
  author={Tebaldi, Edinaldo and Elmslie, Bruce},
  journal={Applied Economics},
  volume={38},
  number={5},
  pages={549--562},
  year={2006},
  publisher={Taylor \& Francis}
}

@article{elmslie2007sexual,
  title={Sexual orientation and labor market discrimination},
  author={Elmslie, Bruce and Tebaldi, Edinaldo},
  journal={Journal of Labor Research},
  volume={28},
  number={3},
  pages={436--453},
  year={2007},
  publisher={Springer}
}

@article{moffitt1983economic,
  title={An economic model of welfare stigma},
  author={Moffitt, Robert},
  journal={The American Economic Review},
  volume={73},
  number={5},
  pages={1023--1035},
  year={1983},
  publisher={JSTOR}
}

@article{mattos2009estigma,
  title={Estigma, oferta de trabalho e forma{\c{c}}{\~a}o de capital humano: Evid{\^e}ncias para benefici{\'a}rios de programas de transfer{\^e}ncia no Brasil},
  author={Mattos, Enlinson and Ponczek, Vladimir},
  year={2009},
  publisher={Instituto de Pesquisa Econ{\^o}mica Aplicada (Ipea)}
}

@techreport{doleac2016does,
  title={Does ban the box help or hurt low-skilled workers? Statistical discrimination and employment outcomes when criminal histories are hidden},
  author={Doleac, Jennifer L and Hansen, Benjamin},
  year={2016},
  institution={National Bureau of Economic Research}
}

@article{loureiro2016enfermeiros,
  title={DISCRIMINA{\c{C}}{\~A}O RACIAL NO MERCADO DE ENFERMAGEM NO BRASIL: EVID{\^E}NCIAS A PARTIR DE ESTIMATIVA DE DADOS EM PAINEL},
  author={Loureiro, Paulo Roberto Amorim and Moreira, Tito Belchior Silva and J{\'u}nior, Ant{\^o}nio Nascimento},
  journal={An{\'a}lise Econ{\^o}mica},
  volume={34},
  number={66},
year={2016}
}

@article{ferreira2006reinserccao,
  title={Reinser{\c{c}}{\~a}o no mercado de trabalho. Barreiras e sil{\^e}ncio no enfrentamento da exclus{\~a}o por pessoas com HIV/AIDS},
  author={Ferreira, Rosana CM and Figueiredo, Marco Antonio C},
  journal={Medicina (Ribeirao Preto. Online)},
  volume={39},
  number={4},
  pages={591--600},
  year={2006}
}

@article{loureiro2011advogados,
  title={Is There Discrimination Among Brazilian Lawyers? A Random-Effects Approach},
  author={Loureiro, Paulo RA and Sachsida, Adolfo and Moreira, Tito Belchior Silva},
  journal={A Random-Effects Approach},
  pages={293--307},
  year={2011}
}

@article{sloczynski2015average,
  title={Average Wage Gaps and Oaxaca-Blinder Decompositions},
  author={S{\l}oczy{\'n}ski, Tymon},
  year={2015},
  publisher={IZA Discussion Paper}
}
@article{barros2007discriminaccao,
  title={Discrimina{\c{c}}{\~a}o e segmenta{\c{c}}{\~a}o no mercado de trabalho e desigualdade de renda no Brasil},
  author={Barros, Ricardo Paes de and Franco, Samuel and Mendon{\c{c}}a, Rosane},
  year={2007},
  publisher={Instituto de Pesquisa Econ{\^o}mica Aplicada (Ipea)}
}

@article{kassouf1998wage,
  title={Wage gender discrimination and segmentation in the Brazilian labor market},
  author={Kassouf, Ana L{\'u}cia},
  journal={Economia aplicada},
  volume={2},
  number={2},
  pages={243--269},
  year={1998}
}

@article{ometto1997segregaccao,
  title={A segrega{\c{c}}{\~a}o por g{\^e}nero no mercado de trabalho nos estados de S{\~a}o Paulo e Pernambuco},
  author={Ometto, AMH and Hoffmann, R and Alves, MC},
  journal={Economia Aplicada},
  volume={1},
  number={3},
  pages={393--423},
  year={1997}
}

@article{firpo2007decomposing,
  title={Decomposing wage distributions using recentered influence function regressions},
  author={Firpo, Sergio and Fortin, Nicole and Lemieux, Thomas},
  journal={University of British Columbia (June)},
  year={2007}
}

@article{barros1995determinantes,
  title={Os determinantes da desigualdade no Brasil},
  author={Barros, Ricardo Paes de and Mendon{\c{c}}a, Rosane Silva Pinto de},
  year={1995},
  publisher={Instituto de Pesquisa Econ{\^o}mica Aplicada (Ipea)}
}

@article{de2015wage,
  title={Wage Discrimination in Brazil: Inferences based on Unconditional Quantile Regressions},
  author={de Sousa Freitas Filho, Paulo Roberto and Sampaio, Breno},
  year={2015}
}

@article{machado2005counterfactual,
  title={Counterfactual decomposition of changes in wage distributions using quantile regression},
  author={Machado, Jos{\'e} AF and Mata, Jos{\'e}},
  journal={Journal of applied Econometrics},
  volume={20},
  number={4},
  pages={445--465},
  year={2005},
  publisher={Wiley Online Library}
}


@article{melly2006estimation,
  title={Estimation of counterfactual distributions using quantile regression},
  author={Melly, Blaise},
  year={2006}
}

@article{oaxaca1999identification,
  title={Identification in detailed wage decompositions},
  author={Oaxaca, Ronald L and Ransom, Michael R},
  journal={Review of Economics and Statistics},
  volume={81},
  number={1},
  pages={154--157},
  year={1999},
  publisher={MIT Press}
}

@article{reis2005race,
  title={Race discrimination in Brazil: an analysis of the age, period and cohort effects},
  author={Reis, Maur{\'\i}cio Cortez and Crespo, Anna Risi Vianna},
  year={2005},
  publisher={Instituto de Pesquisa Econ{\^o}mica Aplicada (Ipea)}
}

@article{oaxaca1994discrimination,
  title={On discrimination and the decomposition of wage differentials},
  author={Oaxaca, Ronald L and Ransom, Michael R},
  journal={Journal of econometrics},
  volume={61},
  number={1},
  pages={5--21},
  year={1994},
  publisher={Elsevier}
}


@article{link2001conceptualizing,
  title={Conceptualizing stigma},
  author={Link, Bruce G and Phelan, Jo C},
  journal={Annual review of Sociology},
  pages={363--385},
  year={2001},
  publisher={JSTOR}
}

@article{jacinto2005diferenciais,
  title={Diferenciais de sal{\'a}rios por g{\^e}nero na ind{\'u}stria av{\'\i}cola da regi{\~a}o Sul do Brasil: uma an{\'a}lise com micro dados},
  author={Jacinto, Paulo de Andrade},
  journal={Revista de Economia e Sociologia Rural},
  volume={43},
  number={3},
  pages={529--555},
  year={2005},
  publisher={SciELO Brasil}
}

@book{rainwater1980stigma,
  title={Stigma in income-tested programs},
  author={Rainwater, Lee},
  year={1980},
  publisher={Joint Center for Urban Studies of MIT and Harvard University}
}

@article{calvo2004effects,
  title={The effects of social networks on employment and inequality},
  author={Calvo-Armengol, Antoni and Jackson, Matthew O},
  journal={The American Economic Review},
  volume={94},
  number={3},
  pages={426--454},
  year={2004},
  publisher={American Economic Association}
}

@article{handler1969stigma,
  title={Stigma, privacy, and other attitudes of welfare recipients},
  author={Handler, Joel F and Hollingsworth, Ellen Jane},
  journal={Stanford Law Review},
  pages={1--19},
  year={1969},
  publisher={JSTOR}
}

@article{pinto2006processo,
  title={O processo de institucionaliza{\c{c}}{\~a}o de detentos: perspectivas de reabilita{\c{c}}{\~a}o e reinser{\c{c}}{\~a}o social},
  author={Pinto, Guaraci and Hirdes, Alice},
  journal={Esc Anna Nery},
  volume={10},
  number={4},
  pages={678--83},
  year={2006},
  publisher={SciELO Brasil}
}

@article{wauters2003reinserccao,
  title={A reinser{\c{c}}{\~a}o social pelo trabalho},
  author={Wauters, Edna},
  journal={Curitiba: Universidade Federal do Paran{\'a}.(Trabalho de Conclus{\~a}o de Curso-Especializa{\c{c}}{\~a}o em Modalidades de Tratamento Penal e Gest{\~a}o Prisional). 32f},
  year={2003}
}

@article{siqueira2009inclusao,
  title={Inclus{\~a}o social dos ex-detentos: A alegria do retorno {\`a} sociedade versus a dificuldade de ressocializa{\c{c}}{\~a}o},
  author={Siqueira, Dirceu Pereira},
  journal={Revista Argumenta Journal Law},
  volume={11},
  number={11},
  pages={111--123},
  year={2009}
}

@article{murray2012children,
  title={Children's antisocial behavior, mental health, drug use, and educational performance after parental incarceration: a systematic review and meta-analysis.},
  author={Murray, Joseph and Farrington, David P and Sekol, Ivana},
  journal={Psychological bulletin},
  volume={138},
  number={2},
  pages={175},
  year={2012},
  publisher={American Psychological Association}
}

@article{sheldon1994urinary,
  title={Urinary incontinence in women: implications for therapeutic recreation.},
  author={Sheldon, Kathleen and Caldwell, Linda},
  journal={Therapeutic Recreation Journal},
  year={1994},
  publisher={NRPA Publications}
}

@article{opala1996leprosy,
  title={Leprosy among the Limba: illness and healing in the context of world view},
  author={Opala, Joseph and Boillot, Francois},
  journal={Social Science \& Medicine},
  volume={42},
  number={1},
  pages={3--19},
  year={1996},
  publisher={Elsevier}
}

@article{western2001labor,
  title={The labor market consequences of incarceration},
  author={Western, Bruce and Kling, Jeffrey R and Weiman, David F},
  journal={Crime \& delinquency},
  volume={47},
  number={3},
  pages={410--427},
  year={2001},
  publisher={Sage Publications}
}

@article{dill2015want,
  title={“I Want a Second Chance” Experiences of African American Fathers in Reentry},
  author={Dill, LeCont{\'e} J and Mahaffey, Carlos and Mosley, Tracey and Treadwell, Henrie and Barkwell, Fabeain and Barnhill, Sandra},
  journal={American journal of men's health},
  pages={1557988315569593},
  year={2015},
  publisher={SAGE Publications}
}

@article{agan2016ban,
  title={Ban the box, criminal records, and statistical discrimination: A field experiment},
  author={Agan, Amanda Y and Starr, Sonja B},
  journal={U of Michigan Law \& Econ Research Paper},
  number={16-012},
  year={2016}
}

@article{durose2014recidivism,
  title={Recidivism of Prisoners Released in 30 States in 2005: Patterns from 2005 to 2010},
  author={Durose, Matthew R and Cooper, Alexia D and Snyder, Howard N},
  journal={Washington, DC: Bureau of Justice Statistics},
  volume={28},
  year={2014}
}

@techreport{schnepel2014good,
  title={Good Jobs and Recidivism},
  author={Schnepel, Kevin T and others},
  year={2014}
}

@article{yang2016local,
  title={LOCAL LABOR MARKETS AND CRIMINAL RECIDIVISM},
  author={Yang, Crystal S},
year = {2016}
}

@article{pager2003mark,
  title={The mark of a criminal record1},
  author={Pager, Devah},
  journal={American journal of sociology},
  volume={108},
  number={5},
  pages={937--975},
  year={2003},
  publisher={JSTOR}
}

@article{holzer2006perceived,
  title={Perceived criminality, criminal background checks, and the racial hiring practices of employers},
  author={Holzer, Harry J and Raphael, Steven and Stoll, Michael A},
  journal={Journal of Law and Economics},
  volume={49},
  number={2},
  pages={451--480},
  year={2006},
  publisher={JSTOR}
}

@article{bonczar2003prevalenceofimprisonmentin,
  title={PrevalenceofImprisonmentin the US Population, 1974-2001},
  author={Bonczar, Thomas P},
  year={2003}
}

@article{toledo2014sentidos,
  title={Os sentidos do trabalho para egressos do sistema prisional inseridos no mercado formal de trabalho},
  author={Toledo, Isadora d'{\'A}vila and Kemp, Val{\'e}ria Heloisa and Machado, Mar{\'\i}lia Novais da Mata},
  journal={Cadernos de Psicologia Social do Trabalho},
  volume={17},
  number={1},
  pages={85--99},
  year={2014},
  publisher={Universidade de S{\~a}o Paulo}
}

@article{uhr2014estudo,
  title={Um estudo sobre a discrimina{\c{c}}{\~a}o salarial no mercado de trabalho dos administradores do Brasil.},
  author={Uhr, Pereira and de Abreu, Daniel and Saraiva Frio, Gustavo and Zibetti, Alan and Uhr, Ziero and Gallego, J{\'u}lia},
  journal={Revista de Economia e Administra{\c{c}}{\~a}o},
  volume={13},
  number={2},
  year={2014}
}

@article{cidade2012implementaccao,
  title={A IMPLEMENTA{\c{C}}{\~A}O DO PRONASCI NA REGI{\~A}O METROPOLITANA DE PORTO ALEGRE: Um estudo sobre o processo e efetividade da federaliza{\c{c}}{\~a}o das pol{\'\i}ticas p{\'u}blicas de seguran{\c{c}}a p{\'u}blica},
  author={Cidade, Gilian Vinicius Dias},
  year={2012}
}

@book{kerber2016,
 author               = {Kerber, A. O.  and Pazinato, E.},
 publisher            = {Multi Ideias},
 title                = {{Muitas cabeças, muitas sentenças: Uma análise do PRONASCI em Canoas/RS a partir das representações sociais dos moradores e dos gestores do território de paz}},
 year                 = {2016},
 }


@misc{zuanazzi2016,
 author               = {Zuanazzi, P. T. and Bartels, M.},
 publisher            = {Porto Alegre: FEE},
 title                = {{ Estimativas para a população flutuante do Litoral Norte do RS}},
 year                 = {2016},
 }



@article{ranson2014crime,
  title={Crime, weather, and climate change},
  author={Ranson, Matthew},
  journal={Journal of environmental economics and management},
  volume={67},
  number={3},
  pages={274--302},
  year={2014},
  publisher={Elsevier}
}


@article{silveira2000relaccao,
  title={Rela{\c{c}}{\~a}o entre o comportamento anual da temperatura m{\'e}dia mensal do ar e o comportamento anual da criminalidade da cidade de Pelotas, RS},
  author={Silveira, CP and Vieira, Roger Oliveira},
  journal={Pelotas: UFPEL},
  year={2000}
}


@article{britto2014analise,
  title={An{\'a}lise dos homic{\'\i}dios ocorridos em Juiz de Fora entre os anos de 1980 a 2012 e sua rela{\c{c}}{\~a}o com as condi{\c{c}}{\~o}es clim{\'a}ticas},
  author={Britto, Monique Cristine},
  journal={Revista Brasileira de Climatologia},
  volume={13},
  year={2014}
}


@article{gamble2012temperature,
  title={Temperature and violent crime in Dallas, Texas: relationships and implications of climate change},
  author={Gamble, Janet L and Hess, Jeremy J},
  journal={Western journal of emergency medicine},
  volume={13},
  number={3},
  pages={239},
  year={2012},
  publisher={California Chapter of the American Academy of Emergency Medicine (Cal/AAEM)}
}

@book{hastie1990generalized,
  title={Generalized additive models},
  author={Hastie, Trevor and Tibshirani, Robert},
  year={1990},
  publisher={Wiley Online Library}
}

@article{cleveland1988locally,
  title={Locally weighted regression: an approach to regression analysis by local fitting},
  author={Cleveland, William S and Devlin, Susan J},
  journal={Journal of the American statistical association},
  volume={83},
  number={403},
  pages={596--610},
  year={1988},
  publisher={Taylor \& Francis Group}
}

@incollection{berk2014recent,
  title={Recent perspectives on the regression discontinuity design},
  author={Berk, Richard A},
  booktitle={Encyclopedia of Criminology and Criminal Justice},
  pages={4335--4350},
  year={2014},
  publisher={Springer}
}

@article{chen2007harsher,
  title={Do harsher prison conditions reduce recidivism? A discontinuity-based approach},
  author={Chen, M Keith and Shapiro, Jesse M},
  journal={American Law and Economics Review},
  volume={9},
  number={1},
  pages={1--29},
  year={2007},
  publisher={Oxford University Press}
}

@article{calonico2014robust,
  title={Robust nonparametric confidence intervals for regression-discontinuity designs},
  author={Calonico, Sebastian and Cattaneo, Matias D and Titiunik, Rocio},
  journal={Econometrica},
  volume={82},
  number={6},
  pages={2295--2326},
  year={2014},
  publisher={Wiley Online Library}
}

@article{calonico2015rdrobust,
  title={rdrobust: An R package for robust nonparametric inference in regression-discontinuity designs},
  author={Calonico, Sebastian and Cattaneo, Matias D and Titiunik, Rocio},
  journal={R Journal},
  volume={7},
  number={1},
  pages={38--51},
  year={2015}
}

  @Manual{softwareR,
    title = {R: A Language and Environment for Statistical Computing},
    author = {{R Core Team}},
    organization = {R Foundation for Statistical Computing},
    address = {Vienna, Austria},
    year = {2016},
    url = {https://www.R-project.org/},
  }

  @Manual{gamPackage,
    title = {gam: Generalized Additive Models},
    author = {Trevor Hastie},
    year = {2017},
    note = {R package version 1.14-4},
    url = {https://CRAN.R-project.org/package=gam},
  }

@article{murray2015childhood,
  title={Childhood behaviour problems predict crime and violence in late adolescence: Brazilian and British birth cohort studies},
  author={Murray, Joseph and Menezes, Ana MB and Hickman, Matthew and Maughan, Barbara and Gallo, Erika Alejandra Giraldo and Matijasevich, Alicia and Gon{\c{c}}alves, Helen and Anselmi, Luciana and Assun{\c{c}}{\~a}o, Maria Cec{\'\i}lia F and Barros, Fernando C and others},
  journal={Social psychiatry and psychiatric epidemiology},
  volume={50},
  number={4},
  pages={579--589},
  year={2015},
  publisher={Springer}
}

@article{mcbride1991prediction,
  title={Prediction of long-term alcohol use, drug use, and criminality among inhalant users},
  author={McBride, Anthony A and Joe, George W and Simpson, D Dwayne},
  journal={Hispanic Journal of Behavioral Sciences},
  volume={13},
  number={3},
  pages={315--323},
  year={1991},
  publisher={SAGE PUBLICATIONS, INC. 2455 Teller Road, Newbury Park, CA 91320}
}

@article{fajnzylber2002inequality,
  title={Inequality and violent crime},
  author={Fajnzylber, Pablo and Lederman, Daniel and Loayza, Norman},
  journal={The journal of Law and Economics},
  volume={45},
  number={1},
  pages={1--39},
  year={2002},
  publisher={The University of Chicago Press}
}

@article{kelly2000inequality,
  title={Inequality and crime},
  author={Kelly, Morgan},
  journal={The Review of Economics and Statistics},
  volume={82},
  number={4},
  pages={530--539},
  year={2000},
  publisher={MIT Press}
}

@article{dearden2009alcohol,
  title={Alcohol and homicide in Australia},
  author={Dearden, Jack and Payne, Jason},
  journal={Trends \& issues in crime and criminal justice},
  number={372},
  pages={1},
  year={2009},
  publisher={Australian Institute of Criminology}
}


@inproceedings{van2005value,
  title={The value of visualization},
  author={Van Wijk, Jarke J},
  booktitle={Visualization, 2005. VIS 05. IEEE},
  pages={79--86},
  year={2005},
  organization={IEEE}
}


@book{mccandless2009information,
  title={Information is beautiful},
  author={McCandless, David},
  year={2009},
  publisher={Collins London}
}

@article{cleveland1984graphical,
  title={Graphical perception: Theory, experimentation, and application to the development of graphical methods},
  author={Cleveland, William S and McGill, Robert},
  journal={Journal of the American statistical association},
  volume={79},
  number={387},
  pages={531--554},
  year={1984},
  publisher={Taylor \& Francis}
}

@article{anscombe1973graphs,
  title={Graphs in statistical analysis},
  author={Anscombe, Francis J},
  journal={The American Statistician},
  volume={27},
  number={1},
  pages={17--21},
  year={1973},
  publisher={Taylor \& Francis Group}
}


@Manual{shiny,
    title = {shiny: Web Application Framework for R},
    author = {Winston Chang and Joe Cheng and JJ Allaire and Yihui Xie and Jonathan McPherson},
    year = {2016},
    note = {R package version 0.14.2},
    url = {https://CRAN.R-project.org/package=shiny},
  }

 @Manual{htmlwidgets,
    title = {htmlwidgets: HTML Widgets for R},
    author = {Ramnath Vaidyanathan and Yihui Xie and JJ Allaire and Joe Cheng and Kenton Russell},
    year = {2017},
    note = {R package version 0.9},
    url = {https://github.com/ramnathv/htmlwidgets},
  }


@article{menezes2017relaccoes,
  title={Rela{\c{c}}{\~o}es entre crimes na Regi{\~a}o Metropolitana de Porto Alegre: um primeiro diagn{\'o}stico da organiza{\c{c}}{\~a}o criminal},
  author={Menezes, Daiane Boelhouwer and de Souza, Vitoria Gonzatti},
  journal={Indicadores Econ{\^o}micos FEE},
  volume={45},
  number={1},
  pages={87--108},
  year={2017}
}

@Article{tidy_data,
  author = {Hadley Wickham},
  issue = {10},
  journal = {The Journal of Statistical Software},
  selected = {TRUE},
  title = {Tidy data},
  url = {http://www.jstatsoft.org/v59/i10/},
  volume = {59},
  year = {2014},
  bdsk-url-1 = {http://www.jstatsoft.org/v59/i10/},
}


@book{dasu2003exploratory,
  title={Exploratory data mining and data cleaning},
  author={Dasu, Tamraparni and Johnson, Theodore},
  volume={479},
  year={2003},
  publisher={John Wiley \& Sons}
}

@book{wilkinson2006grammar,
  title={The grammar of graphics},
  author={Wilkinson, Leland},
  year={2006},
  publisher={Springer Science \& Business Media}
}

@Manual{leaflet,
title = {leaflet: Create Interactive Web Maps with the JavaScript 'Leaflet'
Library},
author = {Joe Cheng and Bhaskar Karambelkar and Yihui Xie},
year = {2017},
note = {R package version 1.1.0},
url = {https://CRAN.R-project.org/package=leaflet},
}

  @Manual{plotly,
    title = {plotly: Create Interactive Web Graphics via 'plotly.js'},
    author = {Carson Sievert and Chris Parmer and Toby Hocking and Scott Chamberlain and Karthik Ram and Marianne Corvellec and Pedro Despouy},
    year = {2017},
    note = {R package version 4.7.1},
    url = {https://CRAN.R-project.org/package=plotly},
  }

  @Manual{DT,
    title = {DT: A Wrapper of the JavaScript Library 'DataTables'},
    author = {Yihui Xie},
    year = {2016},
    note = {R package version 0.2},
    url = {https://CRAN.R-project.org/package=DT},
  }

  @Manual{d3plus,
    title = {d3plus: R Htmlwidget for d3plus (http://d3plus.org)},
    author = {Juan Pablo Marin Diaz},
    year = {2015},
    note = {R package version 0.0.2},
  }

  @Manual{c3,
    title = {C3: A package for R based in c3.js},
    author = {Herman Sontrop},
    year = {2015},
    note = {R package version 0.0.0.9000},
  }


@article{beato2001conglomerados,
  title={Conglomerados de homic{\'\i}dios e o tr{\'a}fico de drogas em Belo Horizonte, Minas Gerais, Brasil, de 1995 a 1999},
  author={Beato Filho, Cl{\'a}udio Chaves and Assun{\c{c}}{\~a}o, Renato Martins and da Silva, Br{\'a}ulio Figueiredo Alves and Marinho, Frederico Couto and Reis, Ilka Afonso and de Mattos Almeida, Maria Cristina},
  journal={Cad. Sa{\'u}de P{\'u}blica},
  volume={17},
  number={5},
  pages={1163--1171},
  year={2001}
}

@article{forgy1965cluster,
  title={Cluster analysis of multivariate data: efficiency versus interpretability models},
  author={Forgy, EW},
  journal={Biometrics},
  volume={61},
  number={3},
  pages={768--769},
  year={1965}
}









@article{shiode2015space,
  title={Space-time characteristics of micro-scale crime occurrences: an application of a network-based space-time search window technique for crime incidents in Chicago},
  author={Shiode, Shino and Shiode, Narushige and Block, Richard and Block, Carolyn R},
  journal={International Journal of Geographical Information Science},
  volume={29},
  number={5},
  pages={697--719},
  year={2015},
  publisher={Taylor \& Francis}
}

@article{newton2015crime,
  title={crime patterns in time and space: the dynamics of crime opportunities in urban areas},
  author={Newton, Andrew and Felson, Marcus},
  journal={Crime science},
  volume={4},
  number={1},
  pages={1--5},
  year={2015},
  publisher={Springer}
}


@article{neema2012monitoring,
  title={Monitoring murder crime in Namibia using Bayesian space-time models},
  author={Neema, Isak and B{\"o}hning, Dankmar},
  journal={Journal of Probability and Statistics},
  volume={2012},
  year={2012},
  publisher={Hindawi Publishing Corporation}
}



@article{rey2012exploratory,
  title={Exploratory space--time analysis of burglary patterns},
  author={Rey, Sergio J and Mack, Elizabeth A and Koschinsky, Julia},
  journal={Journal of Quantitative Criminology},
  volume={28},
  number={3},
  pages={509--531},
  year={2012},
  publisher={Springer}
}


@book{rue2005gaussian,
  title={Gaussian Markov random fields: theory and applications},
  author={Rue, Havard and Held, Leonhard},
  year={2005},
  publisher={CRC press}
}



@article{stander1989markov,
  title={Markov chain analysis and specialization in criminal careers},
  author={Stander, Julian and Farrington, David P and Hill, Gillian and Altham, Patricia ME},
  journal={The British Journal of Criminology},
  volume={29},
  number={4},
  pages={317--335},
  year={1989},
  publisher={Oxford University Press}
}


@article{renan2017crimevis,
  title={CrimeVis: uma ferramenta de visualização de dados de criminalidade},
  author={Cortes, Renan},
  publisher={ResearchGate},
  year={2017},
  url = {https://www.researchgate.net/publication/320962138_CrimeVis_uma_ferramenta_de_visualizacao_de_dados_de_criminalidade}
}

@misc{wiki_markov,
  author = {{Cadeias de Markov}},
  title = "Estimation lemma --- {W}ikipedia{,} The Free Encyclopedia",
  year = "2010",
  url = "http://en.wikipedia.org/w/index.php?title=Estimation_lemma&oldid=375747928",
  note = "[Online; accessed 29-September-2012]"
}

@book{norris1998markov,
  title={Markov chains},
  author={Norris, James R},
  number={2},
  year={1998},
  publisher={Cambridge university press}
}

@article{rey2001spatial,
  title={Spatial empirics for economic growth and convergence},
  author={Rey, Sergio J},
  journal={Geographical Analysis},
  volume={33},
  number={3},
  pages={195--214},
  year={2001},
  publisher={Wiley Online Library}
}

@book{teller2013data,
  title={Data Visualization with D3. js},
  author={Teller, Swizec},
  year={2013},
  publisher={Packt Publishing Ltd}
}


@techreport{donohue2017right,
  title={Right-to-Carry Laws and Violent Crime: A Comprehensive Assessment Using Panel Data and a State-Level Synthetic Controls Analysis},
  author={Donohue, John J and Aneja, Abhay and Weber, Kyle D},
  year={2017},
  institution={National Bureau of Economic Research}
}

@techreport{hartung2011papel,
  title={O Papel Das Armas De Fogo Na Queda Doshomic{\'\i}dios Em S{\~a}o Paulo},
  author={Hartung, Gabriel Chequer and Pessoa, Samuel},
  year={2011},
  institution={ANPEC-Associa{\c{c}}{\~a}o Nacional dos Centros de P{\'o}sgradua{\c{c}}{\~a}o em Economia [Brazilian Association of Graduate Programs in Economics]}
}


@article{kahn2002armas,
  title={Armas de fogo: argumentos para debate},
  author={Kahn, Tulio},
  journal={Boletim Conjuntura Criminal},
  year={2002}
}


@article{dos2012avaliaccao,
  title={Avalia{\c{c}}{\~a}o de Impacto do Estatuto do Desarmamento na Criminalidade: Uma abordagem de s{\'e}ries temporais aplicada {\`a} cidade de S{\~a}o Paulo/Assessing the Disarmament Statute Impact on Crime Rates: a time series approach applied to S{\~a}o Paulo city},
  author={dos Santos, Marcelo Justus and Kassouf, Ana L{\'u}cia},
  journal={Economic Analysis of Law Review},
  volume={3},
  number={2},
  pages={307},
  year={2012},
  publisher={Universidade Cat{\'o}lica de Bras{\'\i}lia UCB}
}



@article{cerqueira2013evaluating,
  title={Evaluating a national anti-firearm law and estimating the causal effect of guns on crime},
  author={Cerqueira, Daniel and De Mello, Jo{\~a}o MP and others},
  journal={PUC, Rio de janeiro. Departamento de Economia. Texto para Discuss{\~a}o},
  number={607},
  year={2013}
}


@article{loeffler2015processed,
  title={Processed as an adult: A regression discontinuity estimate of the crime effects of charging nontransfer juveniles as adults},
  author={Loeffler, Charles E and Grunwald, Ben},
  journal={Journal of Research in Crime and Delinquency},
  volume={52},
  number={6},
  pages={890--922},
  year={2015},
  publisher={SAGE Publications Sage CA: Los Angeles, CA}
}

@article{waiselfisz2016mapa,
  title={Mapa da viol{\^e}ncia 2016: homic{\'\i}dios por armas de fogo no Brasil [Internet]},
  author={Waiselfisz, Julio Jacobo},
  journal={Bras{\'\i}lia: FLACSO},
  year={2016}
}

@article{cerqueira2015efeito,
  title={O efeito das oportunidades no mercado de trabalho sobre as taxas de homic{\'\i}dios no Brasil},
  author={Cerqueira, Daniel and MOURA, Rodrigo Leandro},
  journal={Anais do Encontro Associa{\c{c}}{\~a}o Nacional dos Centros de P{\'o}s-Gradua{\c{c}}{\~a}o em Economia. Florian{\'o}polis (SC)},
  year={2015}
}