@article{blau1982,
  author = {Blau, J. R. and Blau, P. M.},
  title = {The cost of inequality: metropolitan structure and violent crime},
  journal = {American Sociological Review},
  year = {1982},
  volume = {47},
  pages = {114--129}
}

@misc{sherman1998,
 author               = {Sherman, L. W},
 publisher            = {Ideas in American Policing, July. Washington, DC: Police Foundation},
 title                = {Evidence-based policing},
 year                 = {1998},
 }
 
@misc{sherman1997,
 author               = {Sherman, L.W., Gottfredson, D.C., MacKenzie, D.L., Eck, J., Reuter, P., Bushway, S.D.},
 publisher            = {Washington, DC: National Institute of Justice, US Department of Justice},
 title                = {Preventing Crime: What works, what doesn´t, what´s promising},
 year                 = {1997},
 }
 
@article{sherman1995,
  author = {Sherman, L.W. and Weisburd, D.L.},
  title = {General deterrent effects of police patrol in crime "hot spots": A randomized, controlled trial},
  journal = {Justice Quarterly},
  year = {1995},
  volume = {12},
  pages = {625--648}
}

@article{kubrin2003,
 author               = {Kubrin, C. E. and Weitzer, R.},
 journal              = {Journal of Research in Crime and Delinquency},
 number               = {4},
 pages                = {374--402},
 title                = {{New Directions in Social Disorganization Theory}},
 volume               = {40},
 year                 = {2003},
 }

@book{sutherland1992,
 author               = {Sutherland, E.H. and Cressey, D.R. and Luckenbill, D.F.},
 isbn                 = {0930390695},
 publisher            = {AltaMira},
 title                = {{Principles of Criminology}},
 year                 = {1992},
 }

@article{jacobs2008,
 author               = {Jacobs, D. and Richardson, A. M.},
 journal              = {Homicide Studies},
 number               = {1},
 pages                = {28--45},
 title                = {{Economic Inequality and Homicide in the Developed Nations From 1975 to 1995}},
 volume               = {12},
 year                 = {2008},
 }

@article{neumayer2003,
 author               = {Neumayer, E.},
 journal              = {Journal of Peace Research},
 number               = {6},
 pages                = {619--640},
 title                = {{Good Policy Can Lower Violent Crime: Evidence from a Cross-National Panel of Homicide Rates, 1980 to 97}},
 volume               = {40},
 year                 = {2003},
 }

@article{blumstein1998,
 author               = {Blumstein, A. and Rosenfeld, R.},
 journal              = {The Journal of Criminal Law and Criminology},
 number               = {4},
 pages                = {1175--1216},
 title                = {{Explaining Recent Trends in U.S. Homicide Rates}},
 volume               = {88},
 year                 = {1998},
 }

@article{castro2003,
 author               = {Castro, M. S. M. and Assuncao, R. M. and Durante, M. O.},
 journal              = {Revista de Saúde Pública},
 number               = {2},
 pages                = {168--176},
 title                = {{Data comparison on homicide deaths between two information systems, Brazil}},
 volume               = {37},
 year                 = {2003},
 }

@book{mir2004,
 author               = {Mir, L.},
 publisher            = {São Paulo: Geração Editorial},
 title                = {{A guerra civil: estado e trauma}},
 year                 = {2004},
 }

@misc{graham1995,
 author               = {Graham, J. and Bowling, B.},
 publisher            = {Home Office Research Study 145. London: HMSO},
 title                = {{Young People and Crime}},
 year                 = {1995},
 }

@misc{floodpage2000,
 author               = {Flood-Page, C. and Campbell, S. and Harrington, V. and Miller, J.},
 publisher            = {Home Office Research Study 209. London: HMSO},
 title                = {{Youth Crime: Findings from the 1998/99 Youth Lifestyles Survey}},
 year                 = {2000},
 }

@article{goertzel2009,
 author               = {Goertzel, T. and Kahn, T.},
 journal              = {Homicide Studies},
 number               = {4},
 pages                = {398--410},
 title                = {{The Great São Paulo Homicide Drop}},
 volume               = {13},
 year                 = {2009},
 }

@book{zimring2007,
 author               = {Zimring, F. E.},
 publisher            = {New York: Oxford},
 title                = {{The Great American Crime Decline}},
 year                 = {2007},
 }

@misc{Waiselfisz2012,
 author               = {Waiselfisz, J.J.},
 publisher            = {Instituto Sangari},
 title                = {{Mapa da Violência 2012: Os novos padrões da Violência Homicida no Brasil}},
 year                 = {2012},
 }

@book{shaw1942,
 author               = {Shaw, Clifford, R. e McKay, H.D.},
 publisher            = {Chicago: University of Chicago Press},
 title                = {{Juvenile Delinquency in Urban Areas}},
 year                 = {1942},
 }

@misc{shaw1942misc,
 author               = {Shaw, Clifford, R. e McKay, H.D.},
 publisher            = {Chicago: University of Chicago Press},
 title                = {{Juvenile Delinquency in Urban Areas}},
 year                 = {1942},
 }

@article{scorzafave2015estudosesco,
 author               = {Scorzafave, L.G., Soares, M.K. e Dorigan, T.A.},
 journal              = {Estudos Econômicos},
 number               = {3},
 pages                = {475--497},
 title                = {{Vale a pena pagar para desarmar? Uma avaliação do impacto da campanha de entrega voluntária de armas sobre as mortes com armas de fogo}},
 volume               = {45},
 year                 = {2015},
 }

@misc{justus2012usp,
 author               = {Justus, M. dos Santos},
 publisher            = {Tese de Doutorado. Universidade de São Paulo, Escola Superior de Agricultura Luiz deQueiroz},
 title                = {{Uma abordagem econômica das causas da criminalidade: evidências para a cidade de São Paulo}},
 year                 = {2012},
 }

@article{justus2012EconomiA,
 author               = {Justus, M. dos Santos e Kassouf, A. L.},
 journal              = {Revista EconomiA},
 number               = {2},
 pages                = {343--372},
 title                = {{Estudos Econômicos das Causas da Criminalidade no Brasil: Evidências e Controvérsias}},
 volume               = {9},
 year                 = {2008},
 }

@misc{carvalho2015TDipea,
 author               = {Carvalho, A., Cerqueira, D. e Lobão, W.},
 publisher            = {Texto para Discussão nº 1105. Instituto de Pesquisa Econômica Aplicada},
 title                = {{Socioeconomic structure, self-fulfilment, homicides ans spatial dependence in Brazil}},
 year                 = {2015},
 }

@article{becker1968economy,
 author               = {Becker, G.},
 journal              = {Journal of Political Economy},
 pages                = {169--217},
 title                = {{Crime and Punishment: an economic approach}},
 volume               = {76},
 year                 = {1968},
 }

@misc{cerqueira2013brasilemdesen,
 author               = {Cerqueira, D., Coelho, D., Morais, D. P., Matos, M. V., Júnior, J. A. P. e Medeiros, M. J.},
 publisher            = {Brasil em Desenvolvimento 2013: estado, planejamento e políticas públicas. Instituto de Pesquisa Econômica Aplicada, Capítulo 29.},
 title                = {{A singular dinâmica territorial dos homicídios no Brasil nos anos 2000}},
 year                 = {2013},
 }

@misc{cerqueira2015nota,
 author               = {Cerqueira, D. e, Coelho, D.},
 publisher            = {Nota técnica nº 15. Instituto de Pesquisa Econômica Aplicada.},
 title                = {{Redução da Idade de Imputabilidade Penal, Educação e Criminalidade}},
 year                 = {2015},
 }

@misc{rostirolla2016mono,
 author               = {Rostirolla, C. C.},
 publisher            = {Monografia do ICEAC. Universidade Federal do Rio Grande.},
 title                = {{Armas e Crimes na região metropolitana de Porto Alegre: Uma análise de dados em painel}},
 year                 = {2016},
 }

@article{carvalho2012saude,
 author               = {Carvalho, A., Marques da Silva, G. D., Júnior, G. R. e Albuquerque, P. H. M.},
 journal              = {Cadernos de Saúde Pública},
 pages                = {1249--1262},
 title                = {{Taxas Bayesianas para o mapeamento de homicídios nos municípios brasileiros}},
 volume               = {28},
 number               = {7},
 year                 = {2012},
 }	

@article{jonker2012epidemiology,
 author               = {Jonker, M. F, Lenthe, F. J., Congdon, P. D., Donkers, B., Burdorf, A. e Mackenbach, J. P.},
 journal              = {American Journal of Epidemiology},
 pages                = {929--937},
 title                = {{Comparison of Bayesian Random-Effects and Traditional Life Expectancy Estimations in Small-Area Applications}},
 volume               = {176},
 number               = {10},
 year                 = {2012},
 }	

@misc{oliveira2011tese,
 author               = {Oliveira, C. A.},
 publisher            = {Tese de Doutorado do PPGE. Universidade Federal do Rio Grande do Sul.},
 title                = {{Ensaios em Economia do Crime: Dissuasão, Armas e Carreira Criminosa}},
 year                 = {2011},
 }	

@misc{saravia2016cedeplar,
 author               = {Saraiva, M. V., Conceição, O. C. e França, M. T. A.},
 publisher            = {XVII Seminário sobre a Economia Mineira. CEDEPLAR: Universidade Federal de Minas Gerais.},
 title                = {{Os determinantes da criminalidade nos municípios gaúchos: evidências de um modelo econométrico espacial}},
 year                 = {2016},
 }

@misc{freitas2016xixeeg,
 author               = {De Freitas, T. A., Cadaval, A. F. e Gonçalves, G. A.},
 publisher            = {XIX Encontro de Economia da Região Sul.},
 title                = {{A estimação de um índice geral de criminalidade para os municípios do Rio Grande do Sul - IGcrime RS}},
 year                 = {2016},
 }	

@misc{Waiselfisz2016,
 author               = {Waiselfisz, J.J.},
 publisher            = {Flacso Brasil},
 title                = {{Mapa da Violência 2016: Homicídios por Arma de Fogo no Brasil}},
 year                 = {2016},
 }

@misc{Waiselfisz2013,
 author               = {Waiselfisz, J.J.},
 publisher            = {Flacso/Cebela},
 title                = {{Mapa da Violência 2013: Mortes Matadas por Arma de Fogo}},
 year                 = {2013},
 }

@misc{Waiselfisz2014,
 author               = {Waiselfisz, J.J.},
 publisher            = {Flacso},
 title                = {{Mapa da Violência 2014: Os jovens do Brasil}},
 year                 = {2014},
 }

@misc{cerqueira2016atlasnota,
 author               = {Cerqueira, D., Ferreira, H., Lima, R. S., Bueno, S., Hanashiro, O., Batista, F. e Nicolato, P.},
 publisher            = {Nota técnica nº 17. Instituto de Pesquisa Econômica Aplicada.},
 title                = {{Atlas da Violência 2016}},
 year                 = {2016},
 }

@article{killias1993canadian,
 author               = {Killias, M.},
 journal              = {Canadian Medical Association Journal},
 pages                = {6--21},
 title                = {{International correlations between gun ownership and rates of homicide and suicide.}},
 volume               = {148},
 number               = {10},
 year                 = {1993},
 }

@article{duggan2001political,
 author               = {Duggan, M.},
 journal              = {Journal of Political Economy},
 pages                = {1086--1114},
 title                = {{More guns, more crime}},
 volume               = {109},
 year                 = {2001},
 }

@article{bronars1998aer,
 author               = {Bronars, S. G. e Lott Jr., J. R.},
 journal              = {American Economic Review},
 title                = {{Criminal deterrence, geographic spillovers, and the right to carry concealed handguns}},
 volume               = {109},
 year                 = {1998},
 }

@misc{cerqueira2014tese,
 author               = {Cerqueira, D. R. C.},
 publisher            = {Tese de Doutorado. Programa de Pós Graduação em Economia da Pontíficia Universidade Católica do Rio de Janeiro.},
 title                = {{Causas e Consequências do Crime no Brasil}},
 year                 = {2014},
 }

@misc{frischtak2012fedny,
 author               = {Frischtak, C. e Mandel, B. R.},
 publisher            = {Federal Reserve Bank of New York Staff Reports, no. 542},
 title                = {{Crime, House Prices, and Inequality: The Effect of UPPs in Rio}},
 year                 = {2012},
 }

@misc{cortes2016tdfee,
 author               = {Cortes, R. X.},
 publisher            = {Fundação de Economia e Estatística. Texto para Discussão, no. 143},
 title                = {{Investigação de padrões criminais e de indicadores de segurança para os municípios do Rio Grande do Sul, por meio de técnicas estatísticas multivariadas}},
 year                 = {2016},
 }

@misc{monteiro2009mono,
 author               = {Monteiro, J. B.},
 publisher            = {Universidade Federal do Rio Grande do Sul. Monografia do Curso de Estatística.},
 title                = {{Indicador de Criminalidade Geral Baseado em Métodos Multivariados e Estatística Espacial para Controle na Segurança Pública do Estado}},
 year                 = {2009},
 }

@misc{khan2005manual,
 author               = {Khan, T.},
 publisher            = {Secretaria de Segurança Pública de São Paulo.},
 title                = {{Estatística de Criminalidade: Manual de Interpretação}},
url                    = {http://www.ssp.sp.gov.br/media/documents/manual_interpretacao.pdf},
 year                 = {2005},
 }

@article{catelan2010biomj,
 author               = {Catelan, D., Lagazio, C. e Biggeri, A.},
 journal              = {Biometrical Journal},
 title                = {{A hierarchical Bayesian approach to multiple testing in disease mapping}},
 volume               = {52},
 number               = {6},
 year                 = {2010},
 }



@article{clayton1987biometrics,
  title={Empirical Bayes estimates of age-standardized relative risks for use in disease mapping},
  author={Clayton, David and Kaldor, John},
  journal={Biometrics},
  pages={671--681},
  year={1987},
  publisher={JSTOR}
}


@article{marshall1991journalserieC,
 author               = {Marshall, R. J.},
 journal              = {Journal of the Royal Statistical Society: Series C},
 title                = {{Mapping disease and mortality rates using empirical Bayes estimators}},
 volume               = {40},
 number               = {2},
 year                 = {1991},
 }

@article{pringle1996ecosoc,
 author               = {Pringle, D. G.},
 journal              = {Economia and Social Review},
 title                = {{Mapping disease risk estimates based on small numbers: an assessment of empirical Bayes techniques}},
 volume               = {27},
 number               = {4},
 year                 = {1996},
 }

@article{rue2009approximate,
 author               = {Rue, H., Martino, S. e Chopin, N.},
 journal              = {Journal of the Royal Statistical Society: Series B(Statistical Methodology)},
 number               = {2},
 pages                = {319--392},
 publisher            = {Citeseer},
 title                = {{Approximate Bayesian inference for latent Gaussian models by using integrated nested Laplace approximations}},
 volume               = {71},
 year                 = {2009},
 }

@article{martino2009implementing,
 author               = {Martino, S., Rue, H. e NTNU, N.},
 journal              = {Department of Mathematical Sciences, NTNU, Norway},
 publisher            = {Citeseer},
 title                = {{Implementing approximate Bayesian inference using Integrated Nested Laplace Approximation: A manual for the inla program}},
 year                 = {2009},
 }

@book{banerjee2004hierarchical,
 author               = {Banerjee, S., Carlin, B.P. e Gelfand, A.E.},
 publisher            = {Chapman \& Hall/CRC},
 title                = {Hierarchical modeling and analysis for spatial data},
 volume               = {101},
 year                 = {2004},
 }

 @article{besag1974,
 author               = {Besag, J.},
 journal              = {Journal of the Royal Statistical Society. Series B.},
 number               = {2},
 pages                = {579--602},
 title                = {{Spatial Interaction and Statistical Analysis of Lattice Systems}},
 volume               = {36},
 year                 = {1974},
 }

@book{bivand2008spatialwithR,
 author               = {Bivand, R. S., Pebesma, E.J. e Gómez-Rubio, V.},
 publisher            = {Springer},
 title                = {Applied Spatial Data Analysis with R},
 year                 = {2008},
 }

 @article{lesage1997irsr,
 author               = {LeSage, J. P.},
 journal              = {International Regional Science Review},
 number               = {1-2},
 pages                = {113--129},
 title                = {{Bayesian estimation of spatial autoregressive models}},
 volume               = {20},
 year                 = {1997},
 }

@book{lesage1999econometrics,
 author               = {LeSage, J. P.},
 publisher            = {Department of Economics, University of Toledo},
 title                = {The theory and practice of spatial econometrics},
 year                 = {1999},
 }

 @article{moran1950biometrika,
 author               = {Moran, P. A. P.},
 journal              = {Biometrika},
 pages                = {17--23},
 title                = {{Notes on Continuous Stochastic Phenomena}},
 volume               = {37},
 number               = {1},
 year                 = {1950},
 }

@article{martino2009implementing,
 author               = {Martino, S. e Rue, H.},
 journal              = {Department of Mathematical Sciences, NTNU, Norway},
 publisher            = {Citeseer},
 title                = {{Implementing approximate Bayesian inference using Integrated Nested Laplace Approximation: A manual for the inla program}},
 year                 = {2009},
 }

@article{rue2007approximate,
 author               = {Rue, H. e Martino, S.},
 journal              = {Journal of statistical planning and inference},
 number               = {10},
 pages                = {3177--3192},
 publisher            = {Elsevier},
 title                = {{Approximate Bayesian inference for hierarchical Gaussian Markov random field models}},
 volume               = {137},
 year                 = {2007},
 }

@article{rue2009approximate,
 author               = {Rue, H. and Martino, S. and Chopin, N.},
 journal              = {Journal of the Royal Statistical Society: Series B(Statistical Methodology)},
 number               = {2},
 pages                = {319--392},
 publisher            = {Citeseer},
 title                = {{Approximate Bayesian inference for latent Gaussian models by using integrated nested Laplace approximations}},
 volume               = {71},
 year                 = {2009},
 }

@article{gelfand1990sampling,
 author               = {Gelfand, A.E. e Smith, A.F.M.},
 journal              = {Journal of the American statistical association},
 number               = {410},
 pages                = {398--409},
 publisher            = {American Statistical Association},
 title                = {{Sampling-based approaches to calculating marginal densities}},
 volume               = {85},
 year                 = {1990},
 }

@article{geman1984gibbs,
 author               = {Geman, S. e Geman, D.},
 journal              = {IEEE Transactions on Pattern Analysis and Machine Intelligence},
 number               = {6},
 pages                = {721--741},
 title                = {{Stochastic Relaxation, Gibbs Distributions, and the Bayesian Restoration of Images}},
 volume               = {6},
 year                 = {1984},
 }
@misc{cortes2014dissertacao,
 author               = {Cortes, R. X.},
 publisher            = {Dissertação de Mestrado. Pós-graduação em Estatística da Universidade Federal de Minas Gerais.},
 title                = {{Estimando modelos dinâmicos utilizando o INLA para Campos Aleatórios Markovianos Não Gaussianos}},
 year                 = {2014},
 }

@article{gelman1992,
 author               = {Gelman, A. e Rubin, D.B.},
 journal              = {Statistical Science},
 pages                = {457--511},
 title                = {{Inference from Iterative Simulation Using Multiple Sequences (with discussion)}},
 volume               = {7},
 year                 = {1992},
 }

@article{raftery1992,
 author               = {Raftery, A.E. e Lewis, S.},
 journal              = {Bayesian Statistics},
 pages                = {763--773},
 title                = {{How Many Iterations in the Gibbs Sampler?}},
 volume               = {4},
 year                 = {1992},
 }

@book{gamerman2006markov,
 author               = {Gamerman, D. e Lopes, H.F.},
 publisher            = {Chapman \& Hall/CRC},
 title                = {{Markov chain Monte Carlo: stochastic simulation for Bayesian inference}},
 year                 = {2006},
 }

@article{martino2009implementing,
 author               = {Martino, S., Rue, H. e NTNU, N.},
 journal              = {Department of Mathematical Sciences, NTNU, Norway},
 publisher            = {Citeseer},
 title                = {{Implementing approximate Bayesian inference using Integrated Nested Laplace Approximation: A manual for the inla program}},
 year                 = {2009},
 }

@article{martins2012bayesian,
 author               = {Martins, T.G., Simpson, D., Lindgren F. e Rue, H.},
 journal              = {Department of Mathematical Sciences, NTNU, Norway},
 title                = {{Bayesian computing with INLA: new features}},
 year                 = {2012},
 }

@article{ruiz2011direct,
 author               = {Ruiz-C{\'a}rdenas, R., Krainski, E.T. e Rue, H.},
 journal              = {Computational Statistics \& Data Analysis},
 publisher            = {Elsevier},
 title                = {Direct fitting of dynamic models using integrated nested Laplace approximations--INLA},
 year                 = {2011},
 }

@article{blangiardo2013epidemiology,
 author               = {Blangiardo, M., Cameletti, M., Baio, G. e Rue, H.},
 journal              = {Spatial and Spatio-temporal Epidemiology},
 publisher            = {Elsevier},	
 title                = {Spatial and spatio-temporal models with R-INLA},
 volume               = {7},
 pages                = {39--55},
 year                 = {2013},
 }

 @article{besag1974,
 author               = {Besag, J.},
 journal              = {Journal of the Royal Statistical Society. Series B.},
 number               = {2},
 pages                = {579--602},
 title                = {{Spatial Interaction and Statistical Analysis of Lattice Systems}},
 volume               = {36},
 year                 = {1974},
 }

 @article{besag1991,
 author               = {Besag, J., York, J. e Mollie, A.},
 journal              = {Annals of the Institute of Statistical Mathematics},
 pages                = {1--59},
 title                = {{Bayesian image restoration, with two applications in spatial statistics}},
 volume               = {43},
 year                 = {1991},
 }

 @article{doleac2015,
 author               = {Doleac, J. L. e Sanders, N. J.},
 journal              = {Review of Economics and Statistics},
 pages                = {1093--1103},
 title                = {{Under the Cover of Darkness: How Ambient Light Influences Criminal Activity}},
 volume               = {97},
number               = {5},
 year                 = {2005},
 }

 @article{toro2016,
 author               = {Toro, W., Tigre, R. e Sampaio, B.},
 journal              = {Disponível em SSRN: http://ssrn.com/abstract=2786452 ou http://dx.doi.org/10.2139/ssrn.2786452},
 title                = {{Ambient Light and Homicides}},
 year                 = {2016},
 }

 @article{desouza2007,
 author               = {DeSouza, M. F. M., James, M., Alencar, A. P. e Neto, O. L. M.},
 journal              = {Heath Affairs},
 title                = {{Reductions in firearm-related mortality and hospitalizations in Brazil after gun control}},
 year                 = {2007},
 volume               = {26},
number               = {2},
 }

@article{reichenheim2011,
 author               = {Reichenheim, M. E., DeSouza, E. R., Moraes, C. L., Prado de Melo Jorge, M. H., Passos da Silva, M. F. e Minayo, M. C. S.},
 journal              = {Heath Affairs},
 title                = {{Reductions in firearm-related mortality and hospitalizations in Brazil after gun control}},
 year                 = {2011},
 volume               = {377},
number               = {9781},
 }

@article{kountouris2014,
 author               = {Kountouris, Y. e Remondou, K.},
 journal              = {Economics Letters},
 title                = {{About time: Daylight Saving Time transition and individual well-being}},
 year                 = {2014},
 volume               = {122},
pages                = {100--103},
number               = {1},
 }

@article{smith2016,
 author               = {Smith, A. C.},
 journal              = {American Economic Journal: Applied Economics},
 title                = {{Spring Forward at Your Own Risk: Daylight Saving Time and Fatal Vehicle Crashes}},
 year                 = {2016},
 volume               = {8},
pages                = {65--91},
number               = {2},
 }

@article{toro2015myocardial,
 author               = {Toro, W., Tigre, R. e Sampaio, B.},
 journal              = {Economics Letters},
 title                = {{Daylight Saving Time and incidence of myocardial infarction: Evidence from a regression discontinuity design}},
 year                 = {2015},
 volume               = {136},
pages                = {1--4},
 }

@article{kotchen2011,
 author               = {Kotchen, M. J. e Grant, L. E.},
 journal              = {The Review of Economics and Statistics},
 title                = {{Does Daylight Saving Time Save Energy? Evidence from a Natural Experiment in Indiana}},
 year                 = {2011},
 volume               = {93},
number               = {4},
pages                = {1172--1185},
 }

@article{kellogg2008,
author               = {Kellogg, R. e Wolff, H.},
journal              = {Journal of Environmental Economics and Management},
title                = {{Daylight time and energy: Evidence from an Australian experiment}},
year                 = {2008},
volume               = {56},
number               = {3},
pages                = {207--220},
}

@article{wolff2012,
author               = {Wolff, H. e Makino, M.},
journal              = {Discussion Paper No. 6787},
title                = {{Extending Becker’s Time Allocation Theory to Model Continuous Time Blocks: Evidence from Daylight Saving Time}},
year                 = {2012},
 publisher            = {Disponível em http://ftp.iza.org/dp6787.pdf},
}

@article{aries2008,
author               = {Aries, M. B. C. e Guy, R. N.},
journal              = {Energy Policy},
title                = {{Effect of daylight saving time on lighting energy use: A literature review}},
year                 = {2008},
number               = {6},
volume               = {36},
pages                = {1858--1866},
}

@article{arvate2015,
author               = {Arvate, P., Falsete, F. O., Ribeiro, F. G. e souza, A. P.},
journal              = {Working paper 7/2015},
title                = {{Lighting and violent crimes: evaluating the effect of an electrification policy in rural Brazil on violent crime reduction}},
year                 = {2015},
publisher            = {São Paulo School of Economics. Center of Applied Economics.},
}

@misc{salvi2011,
 author               = {Salvi, S.},
 publisher            = {Departmento de Economia da Amherst College},
 title                = {{Does Increased Lighting Reduce Crime? Studying the Impact of the Summer Night Lights Program on Crime in Los Angeles}},
 year                 = {2011},
 }


@book{filhonaercio2012,
 author               = {Filho, N. M., Peixoto, B., Pinto, C. C. X., Lima, L., Foguel, M. N. e Barros R. P.},
 isbn                 = {9788598149042},
 publisher            = {Dinâmica Gráfica e Editora. Fundação Itaú.},
 title                = {{Avaliação Econômica de Projetos Sociais}},
 year                 = {2012},
 }

@misc{dee2013,
 author               = {Dee, T. e Wyckoff, J.},
 publisher            = {National Bureau of Economic Research},
 title                = {{Incentives, Selection and Teacher Performance: Evidence from IMPACT}},
 year                 = {2013},
 }

@article{thistlewaite1960,
author               = {Thistlewaite, D. e Campbell, D.},
journal              = {Journal of Educational Psychology},
title                = {{Regression-discontinuity analysis: an alternative to the ex-post facto experiment}},
year                 = {1960},
volume               = {51},
pages                = {309--317},
}

@misc{alves2013,
 author               = {Alves, H. J. P.},
 publisher            = {Monografia de Estatística da Universidade Federal de Ouro Preto.},
 title                = {{Detecção de clusters espaciais e uso de taxas Bayesianas empíricas}},
 year                 = {2013},
 }

@article{gelfandBS1992,
author               = {Gelfand, A. E., Dey, D. K. e Chang, H.},
journal              = {Bayesian Statistics 4. Proceedings of the Fourth Valencia International Meeting},
title                = {{Model determination using predictive distributions, with implementation via sampling-based methods}},
year                 = {1992},
pages                = {147--159},
}

@article{deyBio1997,
author               = {Dey, D. K., Chen, M. H. e Chang, H.},
journal              = {Biometrics},
title                = {{Bayesian approach for nonlinear random effects models}},
volume               = {53},
year                 = {1997},
pages                = {1239--1252},
}

@article{spiegelhalter2002,
author               = {Spiegelhalter, D.J., Best, N. G., Carlin, B. P. e Linde, A. vd},
journal              = {Biometrics},
title                = {{Bayesian approach for nonlinear random effects models}},
volume               = {53},
year                 = {1997},
pages                = {1239--1252},
}

@article{kohavi1995,
author               = {Kohavi, R.},
journal              = {Proceedings of the Fourteenth International Joint Conference on Artificial Intelligence},
title                = {{A study of cross-validation and bootstrap for accuracy estimation and model selection}},
volume               = {2},
number               = {12},
year                 = {1995},
pages                = {1137--1143},
}


@article{akaike1973,
author               = {Akaike, H.},
journal              = {2nd International Symposium on Information Theory},
title                = {{Information theory and an extension of the maximum likelihood principle}},
year                 = {1997},
pages                = {267--281},
}

@book{becker1957discrim,
 author               = {Becker, G. S.},
 publisher            = {Chicago: University of Chicago Press},
 title                = {{The Economics of Discrimination}},
 year                 = {1957},
 }

@misc{garcia2009genderracial,
 author               = {Garcia, L. M., Ñopo, H. e Salardi, P.},
 publisher            = {Inter-American Development Bank. Research Department. Working Paper n. 681},
 title                = {{Gender and Racial Wage Gaps in Brazil 1996-2006: Evidence Using a Matching Comparisons Approach}},
 year                 = {2009},
 }

@article{oaxaca1973,
author               = {Oaxaca, R.},
journal              = {International Economic Review},
title                = {{Male-Female Wage Differentials in Urban Labor Markets}},
volume               = {14},
number               = {3},
year                 = {1973},
pages                = {693--703},
}

@article{salardi2014,
 author               = {Salardi, P.},
 publisher            = {Review of Income and Wealth},
 title                = {{The Evolution of Gender and Racial Occupational Segregation across Formal and non-Formal Labor Markets in Brazil, 1987 to 2006}},
 year                 = {2014},
volume               = {62},
number               = {S1},
pages                = {S68--S89},
 }


@misc{stein2015fee,
 author               = {Stein, G., Sulzbach, V. N. e Bartels, M.},
 publisher            = {Fundação de Economia e Estatística do Rio Grande do Sul. Disponível em http://www.fee.rs.gov.br/wp-content/uploads/2015/04/20150504relatorio-sobre-o-mercado-de-trabalho-do-rio-grande-do-sul-2001-13.pdf},
 title                = {{Relatório sobre o mercado de trabalho do Rio Grande do Sul — 2001-13}},
 year                 = {2015},
 }

@article{blinder1973,
 author               = {Blinder, A. S.},
 publisher            = {The Journal of Human Resources},
 title                = {{Wage Discrimination: Reduced Form and Structural Estimates}},
 year                 = {1973},
volume               = {8},
number               = {4},
pages                = {436--455},
 }

@misc{schmitt2011ex,
 author               = {Schmitt, J. e Warner, K.},
 publisher            = {Center for Economic and Policy Research},
 title                = {{Ex‐offenders and the Labor Market}},
 year                 = {2010},
 }

@misc{fahey2006,
 author               = {Fahey, J., Roberts, C. e Engel, L.},
 publisher            = {Crime and Justice Institute. Disponível em http://www.antoniocasella.eu/nume/Fahey_2006.pdf},
 title                = {{Employment of Ex-Offenders: Employer Perspectives}},
 year                 = {2006},
 }

@book{besemer2015,
 author               = {Besemer, S. e Murray, J.},
 publisher            = {The Oxford Handbook of Externalizing Spectrum Disorders},
 title                = {{Incarceration and Development of Delinquency}},
 year                 = {2015},
 }


@misc{cerqueira2005mito,
 author               = {Cerqueira, D., Lobão, W. e Carvalho, A. X.},
 publisher            = {Instituto de Pesquisa Econômica e Aplicada. Texto para discussão, nº 1144},
 title                = {{O jogo dos sete mitos e a miséria da segurança pública no Brasil}},
 year                 = {2005},
 }

@article{firpo2009unconditional,
  title={Unconditional quantile regressions},
  author={Firpo, Sergio, Fortin, Nicole M e Lemieux, Thomas},
  journal={Econometrica},
  volume={77},
  number={3},
  pages={953--973},
  year={2009},
  publisher={Wiley Online Library}
}

@article{wauters2003reinserccao,
  title={A reinser{\c{c}}{\~a}o social pelo trabalho},
  author={Wauters, Edna},
  journal={Curitiba: Universidade Federal do Paran{\'a}.(Trabalho de Conclus{\~a}o de Curso-Especializa{\c{c}}{\~a}o em Modalidades de Tratamento Penal e Gest{\~a}o Prisional). 32f},
  year={2003}
}

@techreport{doleac2016does,
  title={Does ban the box help or hurt low-skilled workers? Statistical discrimination and employment outcomes when criminal histories are hidden},
  author={Doleac, Jennifer L and Hansen, Benjamin},
  year={2016},
  institution={National Bureau of Economic Research}
}



















































@book{kerber2016,
 author               = {Kerber, A. O.  e Pazinato, E.},
 publisher            = {Multi Ideias},
 title                = {{Muitas cabeças, muitas sentenças: Uma análise do PRONASCI em Canoas/RS a partir das representações sociais dos moradores e dos gestores do território de paz}},
 year                 = {2016},
 }


@article{rey2012exploratory,
  title={Exploratory space--time analysis of burglary patterns},
  author={Rey, Sergio J e Mack, Elizabeth A e Koschinsky, Julia},
  journal={Journal of Quantitative Criminology},
  volume={28},
  number={3},
  pages={509--531},
  year={2012},
  publisher={Springer}
}
